@article{formSem, 
	Author    = "Peter D. Mosses", 
	Title     = "Formal Semantics of Programming Languages",
	publisher = "Elsevier", 
	YEAR      = 2006
}

@article{semEA, 
	Author    = "Horpácsi Dániel", 
	Title     = "Formális Szemantika előadás", 
	YEAR      = 2015
}

@article{KAndMatch, 
	Author    = "Grigore Rosu", 
	Title     = "K and Matching Logic", 
	YEAR      = 2012
}

@article{MatchLog,
	Author    = "Grigore Rosu", 
	Title     = "Matching Logic - Extended Abstract",
	publisher = "Leibniz International Proceedings in Informatics",
	YEAR      = 2015
}