@article{formSem,
	Author    = "{Peter D. Mosses}",
	Title     = "{Formal Semantics of Programming Languages}",
	publisher = "{Elsevier}",
	YEAR      = 2006
}

@article{semEA,
	Author    = "{Horpácsi Dániel}",
	Title     = "{Formális Szemantika előadás}",
	YEAR      = 2015
}

@article{KAndMatch,
	Author    = "{Grigore Rosu}",
	Title     = "{K and Matching Logic}",
	YEAR      = 2012
}

@article{MatchLog,
	Author    = "{Grigore Rosu}",
	Title     = "{Matching Logic - Extended Abstract}",
	publisher = "{Leibniz International Proceedings in Informatics}",
	YEAR      = 2015
}

@article{RefMan,
	Title     = "{Erlang/OTP 20.2 - Reference Manual}",
	YEAR      = 2016,
	url       = "http://www.erlang.org/doc/"
}

@misc{KLecture,
    author       = "{Grigore Rosu}",
    title        = "{{ETAPS 2016 - K: a semantic framework for programming languages and formal analysis tools}}",
    howpublished = "{\url{https://www.youtube.com/watch?v=3ovulLNCEQc}}",
    year         = 2016,
    month        = "{Április}"
}

@article{GreatGood,
    author    = "{Fred Hébert}",
	Title     = "{Learn You Some Erlang for Great Good}",
	YEAR      = 2016,
	url       = "http://learnyousomeerlang.com/"
}